<?xml version="1.0" encoding="UTF-8"?><collection xmlns="http://www.loc.gov/MARC21/slim"><record><leader>00547nam--2200205-u-4500</leader><controlfield tag="001">000052815</controlfield><controlfield tag="002">20161230</controlfield><controlfield tag="005">20170102211904</controlfield><controlfield tag="008">101122s1000------------r-----000-0-rum-d</controlfield><datafield ind1=" " ind2=" " tag="020"><subfield code="a">9789736489297</subfield></datafield><datafield ind1=" " ind2=" " tag="040"><subfield code="a">IFIN-HH</subfield></datafield><datafield ind1=" " ind2=" " tag="041"><subfield code="a">rum</subfield></datafield><datafield ind1=" " ind2=" " tag="080"><subfield code="a">61</subfield></datafield><datafield ind1="1" ind2=" " tag="100"><subfield code="a">Calin, Mihaela Antonina</subfield></datafield><datafield ind1="1" ind2="0" tag="245"><subfield code="a">Terapia fotodinamica</subfield><subfield code="b">Principii si aplicatii</subfield><subfield code="c">Mihaela Antonina Calin; Rodica Mariana Ion</subfield></datafield><datafield ind1=" " ind2=" " tag="260"><subfield code="a">Bucuresti</subfield><subfield code="b">Bern</subfield><subfield code="c">2010</subfield></datafield><datafield ind1=" " ind2=" " tag="300"><subfield code="a">311 p</subfield></datafield><datafield ind1="1" ind2=" " tag="700"><subfield code="a">Ion, Rodica Mariana</subfield></datafield><datafield ind1=" " ind2=" " tag="852"><subfield code="a">82299</subfield><subfield code="c">61</subfield></datafield><datafield ind1=" " ind2=" " tag="CAT"><subfield code="a">SYS</subfield><subfield code="c">20170102</subfield><subfield code="h">211904</subfield></datafield></record></collection>